<?xml version="1.0" encoding="UTF-8"?><collection xmlns="http://www.loc.gov/MARC21/slim"><record><leader>00431nam--2200133-i-4500</leader><controlfield tag="001">000023305</controlfield><controlfield tag="002">20161230</controlfield><controlfield tag="005">20161230201035</controlfield><controlfield tag="008">060222s1000------------r-----000-0-eng-d</controlfield><datafield ind1=" " ind2=" " tag="080"><subfield code="a">616-073.75</subfield></datafield><datafield ind1=" " ind2=" " tag="100"><subfield code="a">Horkel, Wilhelm G</subfield></datafield><datafield ind1=" " ind2=" " tag="245"><subfield code="a">Autoradiographische unersuchungen uber die wirkung von clorochin, chloropromazin und pheenylbutazon auf die dna-rna- und proteinsynthese menschlicher lymphzellen</subfield></datafield><datafield ind1=" " ind2=" " tag="260"><subfield code="a">116p</subfield></datafield><datafield ind1=" " ind2=" " tag="852"><subfield code="a">39024</subfield></datafield></record></collection>